@inproceedings{ElmarSauerwein.1996,
 author = {{Elmar Sauerwein} and {Franz Bailom} and {Kurt Matzler} and {Hans H. Hinterhuber}},
 title = {The Kano model: How to delight your customers},
 url = {https://www.researchgate.net/profile/Franz_Bailom/publication/240462191_The_Kano_Model_How_to_Delight_Your_Customers/links/0f3175342ad9e57525000000.pdf},
 urldate = {09-NOV-2018},
 pages = {313--327},
 booktitle = {Pre-Prints: Ninth International Working Seminar on Production Economics, Igls/Innsbruck, Austria, February 19-23, 1996.},
 year = {1996}
}


@proceedings{.1996,
 year = {1996},
 title = {Pre-Prints: Ninth International Working Seminar on Production Economics, Igls/Innsbruck, Austria, February 19-23, 1996.},
 url = {https://books.google.de/books?id=bjbIjwEACAAJ}
}

@article{KanoNoriaki.1984,
 author = {{Kano Noriaki} and {Seraku Nobuhiko} and {Takahashi Fumio} and {Tsuji Shin-ichi}},
 year = {1984},
 title = {Attractive Quality and Must-Be Quality},
 pages = {147--156},
 volume = {14},
 number = {2},
 journal = {Hinshitsu: Journal of the Japanese Society for Quality Control}
}














