% In folder
@inproceedings{sauerwein1996kano,
  title={The Kano model: How to delight your customers},
  author={Sauerwein, Elmar and Bailom, Franz and Matzler, Kurt and Hinterhuber, Hans H},
  booktitle={International Working Seminar on Production Economics},
  volume={1},
  number={4},
  pages={313--327},
  year={1996}
}

% In folder
% Read
@article{lipow1982number,
  title={Number of faults per line of code},
  author={Lipow, Myron},
  journal={IEEE Transactions on software Engineering},
  number={4},
  pages={437--439},
  year={1982},
  publisher={IEEE}
}

% Read
% No url date
@inproceedings{arthur2007assessment,
  title={Assessment of the realtime preemption patches (RT-Preempt) and their impact on the general purpose performance of the system},
  author={Arthur, Siro and Emde, Carsten and Mc Guire, Nicholas},
  booktitle={Proceedings of the 9th Real-Time Linux Workshop},
  year={2007}
}

% In folder
% Read
@book{liedtke1995micro,
  title={On micro-kernel construction},
  author={Liedtke, Jochen},
  volume={29},
  number={5},
  year={1995},
  publisher={ACM}
}

% In folder
% Read
@article{liedtke1996toward,
  title={Toward real microkernels},
  author={Liedtke, Jochen},
  journal={Communications of the ACM},
  volume={39},
  number={9},
  pages={70--77},
  year={1996},
  publisher={ACM}
}

% In folder
@article{heiser2006virtual,
  title={Are virtual-machine monitors microkernels done right?},
  author={Heiser, Gernot and Uhlig, Volkmar and LeVasseur, Joshua},
  journal={ACM SIGOPS Operating Systems Review},
  volume={40},
  number={1},
  pages={95--99},
  year={2006},
  publisher={ACM}
}

% In folder
@inproceedings{hand2005virtual,
  title={Are virtual machine monitors microkernels done right?},
  author={Hand, Steven and Warfield, Andrew and Fraser, Keir and Kotsovinos, Evangelos and Magenheimer, Daniel J},
  booktitle={HotOS},
  year={2005}
}

% In folder
% Read
@inproceedings{heiser2010okl4,
  title={The OKL4 Microvisor: Convergence point of microkernels and hypervisors},
  author={Heiser, Gernot and Leslie, Ben},
  booktitle={Proceedings of the first ACM asia-pacific workshop on Workshop on systems},
  pages={19--24},
  year={2010},
  organization={ACM}
}

% In folder
@article{heiser2016l4,
  title={L4 microkernels: The lessons from 20 years of research and deployment},
  author={Heiser, Gernot and Elphinstone, Kevin},
  journal={ACM Transactions on Computer Systems (TOCS)},
  volume={34},
  number={1},
  pages={1},
  year={2016},
  publisher={ACM}
}

% In folder
@article{levy1984capability,
  title={Capability-and Object-based System Concepts},
  author={Levy, HM},
  journal={Capability-based Computer System},
  pages={250},
  year={1984}
}

% In folder
% Read
@inproceedings{mollison2010mixed,
  title={Mixed-criticality real-time scheduling for multicore systems},
  author={Mollison, Malcolm S and Erickson, Jeremy P and Anderson, James H and Baruah, Sanjoy K and Scoredos, John A},
  booktitle={2010 10th IEEE International Conference on Computer and Information Technology (CIT 2010)},
  pages={1864--1871},
  year={2010},
  organization={IEEE}
}

% In folder
% Read
@inproceedings{modica2018supporting,
  title={Supporting temporal and spatial isolation in a hypervisor for arm multicore platforms},
  author={Modica, Paolo and Biondi, Alessandro and Buttazzo, Giorgio and Patel, Anup},
  booktitle={Proceedings of the 18th IEEE International Conference on Industrial Technology (ICIT 2018)},
  year={2018}
}

% In folder
% Read
@inproceedings{biondi2018challenges,
  title={Challenges in virtualizing safety-critical cyberphysical systems},
  author={Biondi, Alessandro and Marinoni, Mauro and Buttazzo, Giorgio and Scordino, Claudio and Gai, Paolo},
  booktitle={Proceedings of Embedded World Conference},
  pages={1--5},
  year={2018}
}

% In folder
% Read
% Good source?
@inproceedings{gray1986computers,
  title={Why do computers stop and what can be done about it?},
  author={Gray, Jim},
  booktitle={Symposium on reliability in distributed software and database systems},
  pages={3--12},
  year={1986},
  organization={Los Angeles, CA, USA}
}

% In folder
@article{perez2013safety,
  title={A safety concept for a wind power mixed-criticality embedded system based on multicore partitioning},
  author={Perez, Jon and Gonzalez, David and Trujillo, Salvador and Trapman, Ton and Garate, Jose Miguel},
  journal={Proc. 1st WMC, RTSS},
  pages={25--30},
  year={2013}
}

% In folder
% Read
% Where?
@article{constantinescu2003trends,
  title={Trends and challenges in VLSI circuit reliability},
  author={Constantinescu, Cristian},
  journal={IEEE micro},
  number={4},
  pages={14--19},
  year={2003},
  publisher={IEEE}
}

% In folder
% Read
@inproceedings{palix2011faults,
  title={Faults in linux: ten years later},
  author={Palix, Nicolas and Thomas, Ga{\"e}l and Saha, Suman and Calv{\`e}s, Christophe and Lawall, Julia and Muller, Gilles},
  booktitle={ACM SIGPLAN Notices},
  volume={46},
  number={3},
  pages={305--318},
  year={2011},
  organization={ACM}
}

% In folder
% Read
% Where?
@article{nguyen2017impact,
  title={The impact of software complexity on cost and quality-A comparative analysis between Open source and proprietary software},
  author={Nguyen-Duc, Anh},
  journal={arXiv preprint arXiv:1712.00675},
  year={2017}
}

% In folder
% Read
% Where?
@article{shin1994real,
  title={Real-time computing: A new discipline of computer science and engineering},
  author={Shin, Kang G and Ramanathan, Parameswaran},
  journal={Proceedings of the IEEE},
  volume={82},
  number={1},
  pages={6--24},
  year={1994},
  publisher={IEEE}
}

% In folder
% Read
% Where?
@article{stalk1988time,
  title={Time--the next source of competitive advantage},
  author={Stalk, George},
  year={1988},
  publisher={Harvard Business Review}
}

% In folder
% Read
% Where?
@article{clark1989project,
  title={Project scope and project performance: the effect of parts strategy and supplier involvement on product development},
  author={Clark, Kim B},
  journal={Management science},
  volume={35},
  number={10},
  pages={1247--1263},
  year={1989},
  publisher={INFORMS}
}

% In folder
% Read
@inproceedings{larrucea2015modular,
  title={A Modular Safety Case for an IEC-61508 Compliant Generic Hypervisor},
  author={Larrucea, Asier and Perez, Jon and Agirre, Irune and Brocal, Vicent and Obermaisser, Roman},
  booktitle={Digital System Design (DSD), 2015 Euromicro Conference on},
  pages={571--574},
  year={2015},
  organization={IEEE}
}

% In folder
% Read
@inproceedings{vanderleest2015mpsoc,
  title={MPSoC hypervisor: The safe \& secure future of avionics},
  author={VanderLeest, Steven H and White, Dagan},
  booktitle={Digital Avionics Systems Conference (DASC), 2015 IEEE/AIAA 34th},
  pages={6B5--1},
  year={2015},
  organization={IEEE}
}

% In folder
% Read
@inproceedings{reinhardt2014embedded,
  title={An embedded hypervisor for safety-relevant automotive E/E-systems},
  author={Reinhardt, Dominik and Morgan, Gary},
  booktitle={Industrial Embedded Systems (SIES), 2014 9th IEEE International Symposium on},
  pages={189--198},
  year={2014},
  organization={IEEE}
}

% Mark as absent
% Where
@book{martin2009clean,
  title={Clean code: a handbook of agile software craftsmanship},
  author={Martin, Robert C},
  year={2009},
  publisher={Pearson Education}
}

% In folder
@article{fernandez2013camkes,
  title={CAmkES formalisation of a component platform},
  author={Fernandez, Matthew and Klein, Gerwin and Kuz, Ihor and Murray, Toby},
  journal={NICTA and UNSW},
  year={2013}
}

% In folder
% Where?
@inproceedings{klein2009sel4,
  title={seL4: Formal verification of an OS kernel},
  author={Klein, Gerwin and Elphinstone, Kevin and Heiser, Gernot and Andronick, June and Cock, David and Derrin, Philip and Elkaduwe, Dhammika and Engelhardt, Kai and Kolanski, Rafal and Norrish, Michael and others},
  booktitle={Proceedings of the ACM SIGOPS 22nd symposium on Operating systems principles},
  pages={207--220},
  year={2009},
  organization={ACM}
}

% In folder
% Read
% Where?
@inproceedings{fisher2012hacms,
  title={HACMS: high assurance cyber military systems},
  author={Fisher, Kathleen},
  booktitle={ACM SIGAda Ada Letters},
  volume={32},
  number={3},
  pages={51--52},
  year={2012},
  organization={ACM}
}

% In folder
% Good virtualization reference
% Read
@article{uhlig2005intel,
  title={Intel virtualization technology},
  author={Uhlig, Rich and Neiger, Gil and Rodgers, Dion and Santoni, Amy L and Martins, Fernando CM and Anderson, Andrew V and Bennett, Steven M and Kagi, Alain and Leung, Felix H and Smith, Larry},
  journal={Computer},
  volume={38},
  number={5},
  pages={48--56},
  year={2005},
  publisher={IEEE}
}

% Not applicable
@online{paul2012linux,
  title={Linux kernel in 2011: 15 million total lines of code and Microsoft is a top contributor},
  author={Paul, Ryan},
  journal={Ars Technica},
  url={https://arstechnica.com/information-technology/2012/04/linux-kernel-in-2011-15-million-total-lines-of-code-and-microsoft-is-a-top-contributor/},
  urldate={2019-01-28},
  year={2012}
}

% In folder
% Read
% Where?
@article{el2013across,
  title={The ACROSS MPSoC--A new generation of multi-core processors designed for safety--critical embedded systems},
  author={El Salloum, Christian and Elshuber, Martin and H{\"o}ftberger, Oliver and Isakovic, Haris and Wasicek, Armin},
  journal={Microprocessors and Microsystems},
  volume={37},
  number={8},
  pages={1020--1032},
  year={2013},
  publisher={Elsevier}
}

% ----------- Problematic sources ----------- 

% Mark as absent
% Verify all the IEC sources are cited correctly
@misc{IEC.2000-1,
 year = {2000},
 title = {IEC 61508-1: Functional safety of electrical/electronic/programmable electronic safety-related systems: Part 1: General requirements},
 author = {IEC}
}

% Mark as absent
@misc{IEC.2000-2,
 year = {2000},
 title = {IEC 61508-2: Functional safety of electrical/electronic/programmable electronic safety-related systems: Part 2: Requirements for electrical/electronic/programmable electronic safety-related systems},
 author = {IEC}
}

% Mark as absent
@misc{IEC.2000-3,
 year = {2000},
 title = {IEC 61508-3: Functional safety of electrical/electronic/programmable electronic safety-related systems: Part 3: Software requirements},
 author = {IEC}
}

% In folder
@misc{Lauterbach.2018,
author={Lauterbach GmbH},
 title = {Hypervisor Debugging},
 date = {2018},
 url = {https://www.lauterbach.com/hypervisor_article_2017_web.pdf},
 urldate = {2019-01-09},
}



% In folder
% This source just says that the markets are growing
@misc{ITA.May2016,
author={International Trade Administration},
 institution = {{International Trade Administration}},
 date = {2016-05-01},
 title = {Top Markets Report Medical Devices: A Market Assessment Tool for U.S. Exporters},
 url = {https://www.trade.gov/topmarkets/pdf/Medical_Devices_Top_Markets_Report.pdf},
 urldate = {2018-12-04}
}

% In folder
% Insert url
% https://www.mtl-inst.com/images/uploads/datasheets/App_Notes/AN9025.pdf
@misc{MTL2002introduction,
  author={MTL Instruments},
  title={An introduction to Functional Safety and IEC 61508},
  url= {https://www.mtl-inst.com/images/uploads/datasheets/App_Notes/AN9025.pdf},
  urldate={2018-12-04},
  year={2002},
  month={03}
}

% In folder
@misc{wittenstein2017temporal,
author = {Wittenstein SE},
 date = {2017-04-24},
 title = {Checkpoints and Temporal Separation},
 url = {https://highintegritysystems.com/downloads/white_papers/Checkpoints_and_Temporal_Separation.pdf},
 urldate = {2018-12-04},
}

% In folder
@misc{wittenstein2017spatial,
author = {Wittenstein SE},
 date = {2017-05-30},
 title = {Using an MPU to Enforce Spatial Separation},
 url = {https://highintegritysystems.com/downloads/white_papers/Using_an_MPU_to_Enforce_Spatial_Separation.pdf},
 urldate = {2018-12-04},
}

% In folder
@manual{ARM.v8.2018,
 author={Arm Holdings},
 date = {2018-10-31},
 title = {ARM Architecture Reference Manual: ARMv8, for ARMv8-A architecture profile},
 url = {https://static.docs.arm.com/ddi0487/da/DDI0487D_a_armv8_arm.pdf?_ga=2.107188996.763906419.1543418758-795050915.1528805110},
 urldate = {2018-12-04},
}

% NATO software engineering report replacement is missing

% --------------- Sources added after first review ---------------
@online{gasdetect,
date={2018-03-22},
 title = {Dräger und Plexus: Perfekte Symbiose von OEM und EMS},
 author = {Karin Zühlke},
 url = {https://www.elektroniknet.de/markt-technik/elektronikfertigung/perfekte-symbiose-von-oem-und-ems-151254.html},
 urldate = {2019-01-29},
}

@manual{xtratum3,
 author = {Masmano, Miguel and Ripoll, Ismael and Crespo, Alfons},
 date = {2011-02-01},
 title = {XtratuM Hypervisor for LEON3 Volume 2: User Manual},
 url = {http://www.xtratum.org/files/xm-3-usermanual-022c.pdf},
 urldate = {2018-01-29},
 organization = {XtratuM}
}

@manual{okl4manual,
 author = {Open Kernel Labs},
 date = {2008-09-11},
 title = {OKL4 Microkernel Reference Manual: API Version 03},
 url = {http://l4hq.org/docs/manuals/okl4-ref-manual-3.0.pdf},
 urldate = {2018-01-29},
}

@online{sel4faq,
 author = {seL4},
 title = {Frequently Asked Questions on seL4 | seL4 docs},
 url = {https://docs.sel4.systems/FrequentlyAskedQuestions},
 year={2018},
 month={06},
 urldate = {2019-01-29},
}

@online{pikeos,
 author={SYSGO AG},
 title = {PikeOS Hypervisor},
 url = {https://www.sysgo.com/products/pikeos-hypervisor/},
 urldate = {2019-01-29},
}

@online{camkes,
 author = {seL4},
 title = {CAmkES | seL4 docs},
 url = {https://docs.sel4.systems/CAmkES/},
 urldate = {2019-01-29},
 year={2018},
 month={12},
}

@online{pikeosscheduling,
 author={SYSGO AG},
 year={2016},
 title = {PikeOS Safe Real-Time Scheduling},
 subtitle={Adaptive Time-Partitioning Scheduler for EN 50128 certified Multi-Core Platforms},
 url = {https://www.sysgo.com/products/pikeos-hypervisor/},
 urldate = {2019-12-29},
}


@inproceedings{masmano2009xtratum,
  title={Xtratum: a hypervisor for safety critical embedded systems},
  author={Masmano, Miguel and Ripoll, Ismael and Crespo, Alfons and Metge, J},
  booktitle={11th Real-Time Linux Workshop},
  pages={263--272},
  year={2009},
  organization={Citeseer}
}

@article{messerschmitt2001industrial,
  title={Industrial and economic properties of software: Technology, processes, and value},
  author={Messerschmitt, David G and Szyperski, Clemens},
  year={2001}
}

@incollection{hegde2011insight,
  title={An insight into the hardware and software complexity of ecus in vehicles},
  author={Hegde, Rajeshwari and Mishra, Geetishree and Gurumurthy, KS},
  booktitle={Advances in Computing and Information Technology},
  pages={99--106},
  year={2011},
  publisher={Springer}
}

% ---- Redundancy ----
@incollection{carzaniga2009handling,
  title={Handling software faults with redundancy},
  author={Carzaniga, Antonio and Gorla, Alessandra and Pezz{\`e}, Mauro},
  booktitle={Architecting Dependable Systems VI},
  pages={148--171},
  year={2009},
  publisher={Springer}
}

@misc{de2016triple,
  title={Triple software redundancy fault tolerant framework architecture},
  author={De Oliveira, Jaime and Estaves, Guy and Tourteau, Fabian and Scherrer, Christoph},
  year={2016},
  month={10},
  publisher={Google Patents},
  note={US Patent App. 15/103,806}
}

@article{rennels1984fault,
  title={Fault-Tolerant Computing? Concepts and Examples},
  author={Rennels, David A.},
  journal={IEEE Transactions on computers},
  number={12},
  pages={1116--1129},
  year={1984},
  publisher={IEEE}
}

@article{eckhardt1991experimental,
  title={An experimental evaluation of software redundancy as a strategy for improving reliability},
  author={Eckhardt, Dave E and Caglayan, Alper K. and Knight, John C. and Lee, Larry D. and McAllister, David F. and Vouk, Mladen A. and Kelly, John P. J.},
  journal={IEEE Transactions on software engineering},
  volume={17},
  number={7},
  pages={692--702},
  year={1991},
  publisher={IEEE}
}

% Chapter 6 
@online{armr,
 author={Arm holding},
 year={2018},
 title = {R-Profile Architectures - Arm Developer},
 url = {https://developer.arm.com/products/architecture/cpu-architecture/r-profile},
 urldate = {2019-12-29},
}

@online{armcortexr52,
 author={Arm holding},
 year={2017},
 title = {Cortex-R52 – Arm Developer},
 url = {https://developer.arm.com/products/processors/cortex-r/cortex-r52},
 urldate = {2019-12-29},
}

@online{nxp,
 author={NXP Semiconductors},
 year={2018},
 title = {S32S24 for Automotive Safety Applications|NXP},
 url = {https://www.nxp.com/products/processors-and-microcontrollers/arm-based-processors-and-mcus/s32-automotive-platform/safety-microcontroller-for-automotive-applications:S32S24},
 urldate = {2019-12-29},
}

@online{opensynergy,
 author={OpenSynergy},
 year={2018},
 title = {www.opensynergy.com},
 url = {https://www.opensynergy.com/coqos-micro-sdk/},
 urldate = {2019-12-29},
}









